<?xml version="1.0" encoding="UTF-8"?><collection xmlns="http://www.loc.gov/MARC21/slim"><record><leader>00507nam--2200133-i-4500</leader><controlfield tag="001">000009471</controlfield><controlfield tag="002">20161230</controlfield><controlfield tag="005">20170210122558</controlfield><controlfield tag="008">060222s1000------------r-----000-0-eng-d</controlfield><datafield ind1=" " ind2=" " tag="245"><subfield code="a">Colloque international sur les applications des faisceaux ioniques a la technologie des semiconducteurs. International conference on applications of ions beams to semiconductor technology. Grenoble, 24-26 May, 1967</subfield></datafield><datafield ind1=" " ind2=" " tag="260"><subfield code="a">Gap</subfield><subfield code="b">Editions Ophyrs</subfield><subfield code="c">1967</subfield></datafield><datafield ind1=" " ind2=" " tag="300"><subfield code="a">695 p</subfield></datafield><datafield ind1=" " ind2=" " tag="852"><subfield code="a">621.382</subfield></datafield><datafield ind1=" " ind2=" " tag="CAT"><subfield code="a">SYS</subfield><subfield code="c">20170210</subfield><subfield code="h">122558</subfield></datafield></record></collection>